% This file was created with JabRef 2.7.
% Encoding: UTF8

@INPROCEEDINGS{triplify_www,
  author = {S{\"o}ren Auer and Sebastian Dietzold and Jens Lehmann and Sebastian
	Hellmann and David Aumueller},
  title = {{Triplify: Light-weight linked data publication from relational databases}},
  booktitle = {{WWW 2009}},
  year = {2009},
  pages = {621--630},
  publisher = {ACM},
  bibdate = {2009-05-05},
  bibsource = {DBLP, http://dblp.uni-trier.de/db/conf/www/www2009.html#AuerDLHA09},
  biburl = {http://www.bibsonomy.org/bibtex/2154a270c13c0f525a2f1ce82bb8aad32/jens},
  description = {publications Jens Lehmann},
  doi = {doi:10.1145/1526709.1526793},
  isbn = {978-1-60558-487-4},
  keywords = {2009 event_www group_aksw auer tramp lehmann hellmann aumueller sys:relevantFor:infai
	sys:relevantFor:bis triplify seebiproject_Triplify ontowiki_eu peer-reviewed
	triplify},
  owner = {seebi},
  timestamp = {2012.01.12},
  url = {http://doi.acm.org/10.1145/1526709.1526793}
}

@INPROCEEDINGS{auer-s-2006-736-a,
  author = {S{\"o}ren Auer and Sebastian Dietzold and Thomas Riechert},
  title = {{OntoWiki - A Tool for Social, Semantic Collaboration}},
  booktitle = {{ISWC 2006}},
  year = {2006},
  volume = {4273},
  series = {LNCS},
  publisher = {Springer},
  biburl = {http://www.bibsonomy.org/bibtex/2adebb2cc068861ce489c3248f1a38a62/aksw},
  doi = {http://dx.doi.org/10.1007/11926078_53},
  file = {auer-s-2006-736-a.pdf:auer-s-2006-736-a.pdf:PDF},
  isbn = {3-540-49029-9},
  keywords = {2006 event_iswc ontowiki group_aksw auer tramp riechert sys:relevantFor:infai
	sys:relevantFor:bis seebiproject_OntoWiki},
  owner = {seebi},
  timestamp = {2006.06.03}
}

@POSTER{d2rposter,
  author = {Christian Bizer},
  title = {{D2R MAP - A Database to RDF Mapping Language}},
  bibsource = {DBLP, http://dblp.uni-trier.de},
  booktitle = {WWW (Posters)},
  ee = {http://www2003.org/cdrom/papers/poster/p004/p4-bizer.html},
  owner = {seebi},
  timestamp = {2012.01.12},
  year = {2003}
}

@INPROCEEDINGS{virtuoso,
  author = {Orri Erling and Ivan Mikhailov},
  title = {{RDF Support in the Virtuoso DBMS}},
  booktitle = {CSSW 2007},
  year = {2007},
  volume = {113},
  series = {LNI},
  pages = {59-68},
  publisher = {GI},
  bibsource = {DBLP, http://dblp.uni-trier.de},
  isbn = {978-3-88579-207-9},
  owner = {seebi},
  timestamp = {2012.01.12}
}

@INPROCEEDINGS{bertvn,
  author = {Antonis C. Kakas and Bert Van Nuffelen and Marc Denecker},
  title = {{A-System: Problem Solving through Abduction}},
  booktitle = {IJCAI 2001},
  year = {2001},
  pages = {591-596},
  publisher = {Morgan Kaufmann},
  owner = {seebi},
  timestamp = {2012.01.13}
}

@INPROCEEDINGS{lehmann-2010-iswc,
  author = {Jens Lehmann and Lorenz BÃ¼hmann},
  title = {{ORE - A Tool for Repairing and Enriching Knowledge Bases}},
  booktitle = {{ISWC 2010}},
  year = {2010},
  series = {LNCS},
  publisher = {Springer},
  doi = {doi:10.1007/978-3-642-17749-1_12},
  keywords = {2010 event_iswc group_aksw mole lehmann buehmann sys:relevantFor:infai
	dllearner sys:relevantFor:bis sys:relevantFor:lod2 lod2page peer-reviewed
	ontowiki_eu},
  owner = {seebi},
  timestamp = {2010.08.30},
  url = {http://svn.aksw.org/papers/2010/ORE/public.pdf}
}

@INPROCEEDINGS{limes,
  author = {Axel-Cyrille Ngonga Ngomo and S{\"o}ren Auer},
  title = {{LIMES A Time-Efficient Approach for Large-Scale Link Discovery on
	the Web of Data}},
  booktitle = {{IJCAI 2011}},
  year = {2011},
  pages = {2312-2317},
  publisher = {IJCAI/AAAI},
  bibsource = {DBLP, http://dblp.uni-trier.de},
  isbn = {978-1-57735-516-8},
  owner = {seebi},
  timestamp = {2012.01.12}
}

@INPROCEEDINGS{silk,
  author = {Julius Volz and Christian Bizer and Martin Gaedke and Georgi Kobilarov},
  title = {{Discovering and Maintaining Links on the Web of Data}},
  booktitle = {{ISWC 2009}},
  year = {2009},
  volume = {5823},
  series = {LNCS},
  pages = {650-665},
  publisher = {Springer},
  bibsource = {DBLP, http://dblp.uni-trier.de},
  ee = {http://dx.doi.org/10.1007/978-3-642-04930-9},
  isbn = {978-3-642-04929-3},
  owner = {seebi},
  timestamp = {2012.01.12}
}

@comment{jabref-meta: selector_publisher:}

@comment{jabref-meta: selector_author:}

@comment{jabref-meta: selector_journal:}

@comment{jabref-meta: selector_keywords:}

@comment{jabref-entrytype: Poster: req[author;title] opt[note]}

